@misc{apache-governance,
  author	= {Apache Software Foundation},
  title		= {The Apache Software Foundation: How It Works},
  howpublished	= {https://www-us.apache.org/foundation/how-it-works.html},
  year		= {Accessed March 27, 2019}
}

@misc{apache-guidelines,
  author	= {Apache Software Foundation},
  title		= {Introduction to Contributing to Apache OpenOffice},
  howpublished	= {https://openoffice.apache.org/orientation/intro-contributing.html},
  year		= {Accessed February 16, 2019}
}

@book{aurora2019,
  author	= {Valerie Aurora and Mary Gardiner},
  title		= {How to Respond to Code of Conduct Reports},
  publisher	= {Frame Shift Consulting LLC},
  edition	= {Version 1.1},
  year		= {2019},
  isbn		= {978-1386922575},
  link		= {https://files.frameshiftconsulting.com/books/cocguide.pdf}
}

@article{baltes2018,
  author	= {Sebastian Baltes and Lorik Dumani and Christoph Treude and Stephan Diehl},
  title		= {The Evolution of Stack Overflow Posts: Reconstruction and Analysis},
  journal	= {CoRR},
  volume	= {abs/1811.00804},
  year		= {2018},
  archivePrefix	= {arXiv},
  eprint	= {1811.00804},
  biburl	= {https://dblp.org/rec/bib/journals/corr/abs-1811-00804}
}

@inproceedings{barcomb2019,
  author	= {Ann Barcomb and Klaas-Jan Stol and Dirk Riehle and Brian Fitzgerald},
  title		= {Why Do Episodic Volunteers Stay in FLOSS Communities?},
  booktitle	= {Proc.\ 2019 International Conference on Software Engineering ({ICSE'19})},
  year		= {2019},
  publisher	= {{ACM} Press}
}

@misc{bezroukov1999,
  author	= {Nikolai Bezroukov},
  title		= {A Second Look at the Cathedral and the Bazaar},
  howpublished	= {https://firstmonday.org/article/view/708/618},
  year		= {1999}
}

@misc{brown2019,
  author	= {C.\ Titus Brown},
  title		= {Sustaining open source: thinking about communities of effort},
  howpublished	= {http://ivory.idyll.org/blog/author/c-titus-brown.html},
  year		= {Accessed March 21, 2019}
}

@misc{carpentries-bylaws,
  title		= {The Carpentries Bylaws},
  howpublished	= {https://docs.carpentries.org/topic\_folders/governance/index.html},
  year		= {Accessed February 16, 2019}
}

@article{qureshi2011,
	title={Socialization in open source software projects: A growth mixture modeling approach},
	author={Qureshi, Israr and Fang, Yulin},
	journal={Organizational Research Methods},
	volume={14},
	number={1},
	pages={208--238},
	year={2011},
	publisher={SAGE Publications Sage CA: Los Angeles, CA}
}


@inproceedings{cherubini2007,
  author	= {Mauro Cherubini and Gina Venolia and Rob DeLine and Andrew J. Ko},
  title		= {Let's Go to the Whiteboard: How and Why Software Developers Use Drawings},
  booktitle	= {Proc.\ 2007 Conference on Human Factors in Computing Systems ({CHI'07})},
  year		= {2007},
  publisher	= {Association for Computing Machinery ({ACM})},
  doi		= {10.1145/1240624.1240714}
}

@misc{covenant,
  title		= {Contributor Covenant},
  edition	= {Version 1.4.1},
  howpublished	= {https://www.contributor-covenant.org/},
  year		= {Accessed February 14, 2019}
}

@inproceedings{dagenais2010,
  author	= {Barth{\'{e}}l{\'{e}}my Dagenais and Harold Ossher and Rachel K. E. Bellamy and Martin P. Robillard and Jacqueline P. de Vries},
  title		= {Moving Into a New Software Project Landscape},
  booktitle	= {Proc.\ 2010 International Conference on Software Engineering ({ICSE'10})},
  year		= {2010},
  publisher	= {{ACM} Press},
  doi		= {10.1145/1806799.1806842}
}

@article{doherty1997,
  author	= {Gwyenth Doherty-Sneddon and Claire O{\textquotesingle}Malley and Simon Garrod and Anne Anderson and  et al},
  title		= {Face-to-face and video-mediated communication: A comparison of dialogue structure and task performance.},
  journal	= {Journal of Experimental Psychology: Applied},
  volume	= {3},
  number	= {2},
  pages		= {105--125},
  year		= {1997},
  doi		= {10.1037/1076-898x.3.2.105},
  publisher	= {American Psychological Association ({APA})}
}

@inproceedings{ford2016,
  author	= {Ford, Denae and Smith, Justin and Guo, Philip J. and Parnin, Chris},
  title		= {Paradise Unplugged: Identifying Barriers for Female Participation on Stack Overflow},
  booktitle	= {Proc.\ 2016 ACM SIGSOFT International Symposium on Foundations of Software Engineering ({FSE'16})},
  series	= {FSE 2016},
  year		= {2016},
  isbn		= {978-1-4503-4218-6},
  pages		= {846--857},
  doi		= {10.1145/2950290.2950331},
  publisher	= {{ACM} Press}
}

@inproceedings{fagerholm2014,
  author	= {Fabian Fagerholm and Alejandro S. Guinea and J\"{u}rgen M\"{u}nch and Jay Borenstein},
  title		= {The role of mentoring and project characteristics for onboarding in open source software projects},
  booktitle	= {Proc.\ 2014 International Symposium on Empirical Software Engineering and Measurement ({ESEM'14})},
  publisher	= {{ACM} Press},
  year		= {2014},
  doi		= {10.1145/2652524.2652540}
}

@inproceedings{ford2018,
  author	= {Ford, Denae and Lustig, Kristina and Banks, Jeremy and Parnin, Chris},
  title		= {"We Don't Do That Here": How Collaborative Editing with Mentors Improves Engagement in Social {Q\&A} Communities},
  booktitle	= {Proc.\ 2018 CHI Conference on Human Factors in Computing Systems},
  series	= {CHI 2018},
  year		= {2018},
  isbn		= {978-1-4503-5620-6},
  pages		= {608:1--608:12},
  articleno	= {608},
  doi		= {10.1145/3173574.3174182}
}

@book{fogel2005,
  author	= {Karl Fogel},
  title		= {Producing Open Source Software: How to Run a Successful Free Software Project},
  publisher	= {O'Reilly Media},
  year		= {2005},
  isbn		= {978-0596007591},
  link		= {https://producingoss.com/}
}

@article{freeman1972,
  author	= {Jo Freeman},
  title		= {The Tyranny of Structurelessness},
  journal	= {The Second Wave},
  volume	= {2},
  number	= {1},
  year		= {1972}
}

@article{gallupe1990,
  author	= {R.Brent Gallupe and James D. McKeen},
  title		= {Enhancing Computer-Mediated Communication: An experimental investigation into the use of a Group Decision Support System for face-to-face versus remote meetings},
  journal	= {Information {\&} Management},
  volume	= {18},
  number	= {1},
  pages		= {1--13},
  month		= {jan},
  year		= {1990},
  publisher	= {Elsevier {BV}},
  doi		= {10.1016/0378-7206(90)90059-q}
}

@misc{github-rec,
  author	= {GitHub},
  title		= {Setting Guidelines for Repository Contributors},
  howpublished	= {https://help.github.com/articles/setting-guidelines-for-repository- contributors/},
  year		= {Accessed February 16, 2019}
}

@misc{gnome-newcomers,
  title		= {GNOME Newcomers' Guide},
  howpublished	= {https://wiki.gnome.org/Newcomers/SubmitContribution},
  year		= {Accessed February 16, 2019},
}

@article{huppenkothen2018,
  author	= {Daniela Huppenkothen and Anthony Arendt and David W. Hogg and Karthik Ram and Jacob T. VanderPlas and Ariel Rokem},
  title		= {Hack weeks as a model for data science education and collaboration},
  journal	= {Proc.\ National Academy of Sciences},
  volume	= {115},
  number	= {36},
  pages		= {8872--8877},
  month		= {aug},
  year		= {2018},
  publisher	= {Proc.\ National Academy of Sciences},
  doi		= {10.1073/pnas.1717196115}
}

@misc{jupyter-coc,
  author	= {Project Jupyter},
  title		= {Code of Conduct},
  howpublished	= {https://github.com/jupyter/governance/blob/master/conduct/code\_of\_conduct.md},
  year		= {Accessed February 14, 2019}
}

@book{kraut2012,
  editor	= {Robert E. Kraut and Paul Resnick},
  title		= {Building Successful Online Communities: Evidence-Based Social Design},
  publisher	= {MIT Press},
  isbn		= {978-0262016575}
}

@inproceedings{labuschagne2015,
  author	= {Adriaan Labuschagne and Reid Holmes},
  title		= {Do Onboarding Programs Work?},
  booktitle	= {Proc.\ 2015 Working Conference on Mining Software Repositories ({MSR'15})},
  publisher	= {{IEEE}},
  year		= {2015},
  doi		= {10.1109/msr.2015.45}
}

@book{lave1991,
  author	= {Jean Lave and Etienne Wenger},
  title		= {Situated Learning: Legitimate Peripheral Participation},
  publisher	= {Cambridge University Press},
  year		= {1991},
  isbn		= {978-0521423748}
}

@misc{libreoffice-filtered,
  author	= {The Documentation Foundation},
  title		= {LibreOffice Easy Hacks by Required Skill},
  howpublished	= {https://wiki.documentfoundation.org/Development/EasyHacks/by\_Required\_Skill},
  year		= {Accessed March 21, 2019}
}

@article{maenpaa2018,
  author	= {Hanna M\"{a}enp\"{a}\"{a} and Simo M\"{a}kinen and Terhi Kilamo and Tommi Mikkonen and Tomi M\"{a}nnist\"{o} and Paavo Ritala},
  title		= {Organizing for openness: six models for developer involvement in hybrid {OSS} projects},
  journal	= {Journal of Internet Services and Applications},
  volume	= {9},
  number	= {1},
  month		= {aug},
  year		= {2018},
  publisher	= {Springer Nature},
  doi		= {10.1186/s13174-018-0088-1}
}

@article{minahan1986,
  author	= {Anne Minahan},
  title		= {Martha's Rules},
  journal	= {Affilia},
  volume	= {1},
  number	= {2},
  pages		= {53--56},
  month		= {6},
  year		= {1986},
  publisher	= {{SAGE} Publications},
  doi		= {10.1177/088610998600100206}
}

@misc{mozilla,
  author	= {Mozilla Foundation},
  title		= {Mozilla Firefox},
  howpublished	= {https://www.mozilla.org/en-US/},
  year		= {Accessed March 21, 2019}
}

@misc{my-github-resume,
  author	= {David Coallier},
  title		= {My GitHub Resume},
  howpublished	= {https://resume.github.io/},
  year		= {Accessed March 21, 2019}
}

@incollection{nardi2002,
  author	= {Bonnie A. Nardi and Steve Whittaker},
  title		= {The place of face-to-face communication in distributed work},
  booktitle	= {Distributed Work},
  editor	= {P. Hinds and S. Kiesler},
  pages		= {83--110},
  publisher	= {{MIT} Press},
  year		= {2002}
}

@article{omalley1996,
  author	= {Claire O'Malley and Steve Langton and Anne Anderson and Gwyneth Doherty-Sneddon and Vicki Bruce},
  title		= {Comparison of face-to-face and video-mediated interaction},
  journal	= {Interacting with Computers},
  volume	= {8},
  number	= {2},
  pages		= {177--192},
  month		= {jun},
  year		= {1996},
  doi		= {10.1016/0953-5438(96)01027-2},
  publisher	= {Oxford University Press ({OUP})}
}

@misc{openhatch,
  title		= {OpenHatch},
  howpublished	= {http://openhatch.org/},
  year		= {Accesssd March 27 2019}
}

@misc{psf-bylaws,
  title		= {Python Software Foundation Bylaws},
  howpublished	= {https://www.python.org/psf/bylaws/},
  year		= {Accessed February 16, 2019}
}

@misc{raymond2001,
  author	= {Eric S. Raymond},
  title		= {The Cathedral and the Bazaar},
  publisher	= {O'Reilly Media},
  year		= {2001},
  isbn		= {978-0596001087}
}

@misc{ropensci-coc,
  title		= {rOpenSci Code of Conduct},
  edition	= {Version 2.0},
  howpublished	= {https://ropensci.org/code-of-conduct/},
  year		= {Accessed February 14, 2019}
}

@misc{ropensci-guidelines,
  title		= {rOpenSci Packages: Develpoment, Maintenance, and Peer Review},
  chapter	= {14: Contributing Guide},
  howpublished	= {https://ropensci.github.io/dev\_guide/},
  year		= {Accessed February 16, 2019}
}

@misc{numpy-coc,
  author	= {SciPy Community},
  title		= {NumPy Code of Conduct},
  howpublished	= {https://www.numpy.org/devdocs/dev/conduct/code\_of\_conduct.html},
  year		= {Accessed February 14, 2019}
}

@inproceedings{sarma2016,
  author	= {Anita Sarma and Xiaofan Chen and Sandeep Kuttal and Laura Dabbish and Zhendong Wang},
  title		= {Hiring in the Global Stage: Profiles of Online Contributions},
  booktitle	= {Proc.\ 2016 {IEEE} International Conference on Global Software Engineering},
  series	= {ICGSE 2016},
  year		= {2016},
  publisher	= {Institute of Electrical and Electronics Engineers ({IEEE})},
  doi		= {10.1109/icgse.2016.35}
}

@misc{scipy-coc,
  title		= {SciPy Code of Conduct},
  edition	= {Version 1.2.0},
  howpublished	= {https://docs.scipy.org/doc/scipy/reference/dev/conduct/code\_of\_conduct.html},
  year		= {Accessed February 14, 2019}
}

@inproceedings{singh2012,
  author	= {Vandana Singh},
  title		= {Newcomer integration and learning in technical support communities for open source software},
  booktitle	= {Proc.\ 2012 {ACM} International Conference on Supporting Group Work - {GROUP'12}},
  year		= {2012},
  publisher	= {{ACM} Press},
  doi		= {10.1145/2389176.2389186}
}

@inproceedings{steinmacher2013,
  author	= {Igor Steinmacher and Igor Wiese and Ana Paula Chaves and Marco Aurelio Gerosa},
  title		= {Why do newcomers abandon open source software projects?},
  booktitle	= {Proc.\ 2013 International Workshop on Cooperative and Human Aspects of Software Engineering ({CHASE'13})},
  month		= {may},
  year		= {2013},
  publisher	= {Institute of Electrical and Electronics Engineers ({IEEE})},
  doi		= {10.1109/chase.2013.6614728}
}

@inproceedings{steinmacher2014,
  author	= {Igor Steinmacher and {Igor Scaliante} Wiese and Tayana Conte and {Marco Aurelio} Gerosa and David Redmiles},
  title		= {The Hard Life of Open Source Software Project Newcomers},
  booktitle	= {Proc.\ 2014 International Workshop on Cooperative and Human Aspects of Software Engineering ({CHASE'14})},
  publisher	= {{ACM} Press},
  year		= {2014},
  doi		= {10.1145/2593702.2593704},
}

@inproceedings{steinmacher2015,
  author	= {Igor Steinmacher and Tayana Conte and Marco Aur{\'{e}}lio Gerosa and David Redmiles},
  title		= {Social Barriers Faced by Newcomers Placing Their First Contribution in Open Source Software Projects},
  booktitle	= {Proc.\ 2015 {ACM} Conference on Computer Supported Cooperative Work {\&} Social Computing},
  series	= {CSCW 2015},
  year		= {2015},
  publisher	= {{ACM} Press},
  doi		= {10.1145/2675133.2675215}
}

@inproceedings{steinmacher2016,
  author	= {Igor Steinmacher and Tayana Uchoa Conte and Christoph Treude and Marco Aur{\'{e}}lio Gerosa},
  title		= {Overcoming open source project entry barriers with a portal for newcomers},
  booktitle	= {Proc.\ 2016 International Conference on Software Engineering ({ICSE'16})},
  year		= {2016},
  publisher	= {{ACM} Press},
  doi		= {10.1145/2884781.2884806}
}

@inproceedings{steinmacher2018a,
  author	= {Igor Steinmacher and Gustavo Pinto and Igor Scaliante Wiese and Marco A. Gerosa},
  title		= {Almost There: A Study on Quasi-Contributors in Open-Source Software Projects},
  booktitle	= {Proc.\ 2018 International Conference on Software Engineering ({ICSE'18})},
  publisher	= {{ACM} Press},
  year		= {2018},
  doi		= {10.1145/3180155.3180208}
}

@Article{steinmacher2018b,
  author	= {Igor Steinmacher and Christoph Treude and Marco A. Gerosa},
  journal	= {{IEEE} Software},
  title		= {Let Me In: Guidelines for the Successful Onboarding of Newcomers to Open Source Projects},
  year		= {2018},
  doi		= {10.1109/MS.2018.110162131}
}

@inproceedings{tourani2017,
  author	= {Parastou Tourani and Bram Adams and Alexander Serebrenik},
  title		= {Code of Conduct in Open Source Projects},
  booktitle	= {Proc.\ 2017 International Conference on Software Analysis, Evolution and Reengineering ({SANER'17})},
  publisher	= {{IEEE}},
  year		= {2017},
  doi		= {10.1109/saner.2017.7884606}
}

@book{wenger1999,
  author	= {Etienne Wenger},
  title		= {Communities of Practice: Learning, Meaning, and Identity},
  publisher	= {Cambridge University Press},
  year		= {1999},
  isbn		= {978-0521663632}
}

@article{zanatta2017,
  author	= {Alexandre Lazaretti Zanatta and Igor Steinmacher and Leticia Santos Machado and Cleidson R.B. de Souza and Rafael Prikladnicki},
  title		= {Barriers Faced by Newcomers to Software-Crowdsourcing Projects},
  journal	= {{IEEE} Software},
  volume	= {34},
  number	= {2},
  month		= {mar},
  year		= {2017},
  pages		= {37--43},
  doi		= {10.1109/ms.2017.32},
  publisher	= {Institute of Electrical and Electronics Engineers ({IEEE})}
}
