@article{baltes2018,
  author	= {Sebastian Baltes and Lorik Dumani and Christoph Treude and Stephan Diehl},
  title		= {The Evolution of Stack Overflow Posts: Reconstruction and Analysis},
  journal	= {CoRR},
  volume	= {abs/1811.00804},
  year		= {2018},
  url		= {http://arxiv.org/abs/1811.00804},
  archivePrefix	= {arXiv},
  eprint	= {1811.00804},
  timestamp	= {Thu, 22 Nov 2018 17:58:30 +0100},
  biburl	= {https://dblp.org/rec/bib/journals/corr/abs-1811-00804},
  bibsource	= {dblp computer science bibliography, https://dblp.org}
}

@misc{bezroukov1999,
  author	= {Nikolai Bezroukov},
  title		= {A Second Look at the Cathedral and the Bazaar},
  howpublished	= {https://firstmonday.org/article/view/708/618},
  year		= {1999}
}

@inproceedings{ford2016,
  author	= {Ford, Denae and Smith, Justin and Guo, Philip J. and Parnin, Chris},
  title		= {Paradise Unplugged: Identifying Barriers for Female Participation on Stack Overflow},
  booktitle	= {Proceedings of the 2016 24th ACM SIGSOFT International Symposium on Foundations of Software Engineering},
  series	= {FSE 2016},
  year		= {2016},
  isbn		= {978-1-4503-4218-6},
  location	= {Seattle, WA, USA},
  pages		= {846--857},
  numpages	= {12},
  url		= {http://doi.acm.org/10.1145/2950290.2950331},
  doi		= {10.1145/2950290.2950331},
  acmid		= {2950331},
  publisher	= {ACM},
  address	= {New York, NY, USA},
  keywords	= {Barriers, Females in Computing, Online Communities, Social Q\&\#38;A}
} 

@inproceedings{ford2018,
  author	= {Ford, Denae and Lustig, Kristina and Banks, Jeremy and Parnin, Chris},
  title		= {"We Don't Do That Here": How Collaborative Editing with Mentors Improves Engagement in Social Q\&\#38;A Communities},
  booktitle	= {Proceedings of the 2018 CHI Conference on Human Factors in Computing Systems},
  series	= {CHI '18},
  year		= {2018},
  isbn		= {978-1-4503-5620-6},
  location	= {Montreal QC, Canada},
  pages		= {608:1--608:12},
  articleno	= {608},
  numpages	= {12},
  url		= {http://doi.acm.org/10.1145/3173574.3174182},
  doi		= {10.1145/3173574.3174182},
  acmid		= {3174182},
  publisher	= {ACM},
  address	= {New York, NY, USA},
  keywords	= {collaborative editing, e-mentoring, programming, social q\&\#38;a}
}

@book{fogel2005,
  author	= {Karl Fogel},
  title		= {Producing Open Source Software: How to Run a Successful Free Software Project},
  publisher	= {O'Reilly Media},
  year		= {2005},
  isbn		= {978-0596007591},
  link		= {https://producingoss.com/}
}

@article{freeman1972,
  author	= {Jo Freeman},
  title		= {The Tyranny of Structurelessness},
  journal	= {The Second Wave},
  volume	= {2},
  number	= {1},
  year		= {1972}
}

@book{kraut2012,
  editor	= {Robert E. Kraut and Paul Resnick},
  title		= {Building Successful Online Communities: Evidence-Based Social Design},
  publisher	= {MIT Press},
  year		= {2012},
  isbn		= {978-0262016575}
}

@book{lave1991,
  author	= {Jean Leave and Etienne Wenger},
  title		= {Situated Learning: Legitimate Peripheral Participation},
  publisher	= {Cambridge University Press},
  year		= {1991},
  isbn		= {978-0521423748}
}

@misc{raymond2001,
  author	= {Eric S. Raymond},
  title		= {The Cathedral and the Bazaar},
  publisher	= {O'Reilly Media},
  year		= {2001},
  isbn		= {978-0596001087}
}

@inproceedings{sarma2016,
  author	= {Anita Sarma and Xiaofan Chen and Sandeep Kuttal and Laura Dabbish and Zhendong Wang},
  title		= {Hiring in the Global Stage: Profiles of Online Contributions},
  booktitle	= {Proc.\ 2016 {IEEE} International Conference on Global Software Engineering ({ICGSE'16})},
  year		= {2016},
  publisher	= {{IEEE}},
  doi		= {10.1109/icgse.2016.35}
}

@inproceedings{steinmacher2015,
  author	= {Igor Steinmacher and Tayana Conte and Marco Aur{\'{e}}lio Gerosa and David Redmiles},
  title		= {Social Barriers Faced by Newcomers Placing Their First Contribution in Open Source Software Projects},
  booktitle	= {Proc.\ 2015 {ACM} Conference on Computer Supported Cooperative Work {\&} Social Computing ({CSCW'15})},
  year		= {2015},
  publisher	= {{ACM} Press},
  doi		= {10.1145/2675133.2675215}
}

@book{wenger1999,
  author	= {Etienne Wenger},
  title		= {Communities of Practice: Learning, Meaning, and Identity},
  publisher	= {Cambridge University Press},
  year		= {1999},
  isbn		= {978-0521663632}
}

@article{zanatta2017,
  author	= {Alexandre Lazaretti Zanatta and Igor Steinmacher and Leticia Santos Machado and Cleidson R.B. de Souza and Rafael Prikladnicki},
  title		= {Barriers Faced by Newcomers to Software-Crowdsourcing Projects},
  journal	= {{IEEE} Software},
  volume	= {34},
  number	= {2},
  year		= {2017},
  pages		= {37--43},
  month		= {mar},
  doi		= {10.1109/ms.2017.32},
  publisher	= {Institute of Electrical and Electronics Engineers ({IEEE})}
}
